@inproceedings{biblio:embedded,
    title = {Soft Computing Reconfigures Designer Options},
    bookmark = {Embedded Systems},
    author = {J. Tuley},
    pages = {76},
    year = {1997},
}

@article{biblio:diseno3d,
    title = {Ultralow-Power Reconfigurable Computing with Complementary Nano-Electromechanical Carbon Nanotube Switches},
    journal = {Proceedings of the 2007 Asia and South Pacific Design Automation Conference},
    volume = {90(7)},
    author = {S. Bhunia and M. Tabib-Azar, and D. Saab},
    pages = {86-91},
    year = {2007},
}

@misc{biblio:ram_dedicada,
    title = {Using Block SelectRAM + Memory in Spartan {II FPGAs}},
    author = {Xilinx},
    year = {2000},
}

@article{biblio:bitstream,
    title = {Reconfigurable Computing Systems},
    journal = {Proceedings of the IEEE},
    volume = {90(7)},
    author = {K. Bondalapati and V.K. Prasanna},
    pages = {1201-1217},
    year = {2002},
}

@Article{biblio:Spectral_unmixing_via,
	author ={J. E. Ball and L. M. Bruce, and N. Younan},
    title = {Hyperspectral pixel unmixing via spectral band selection and dc-insensitive singular value decomposition},
	journal = {IEEE Geoscience and Remote Sensing Letters},
    volume = {4(3)},
    pages = {382-386},
    year = {2007}
}

@Article{biblio:y,
	author ={J. E. Ball and L. M. Bruce, and N. Younan},
    title = {Impact of initialization on design of endmember extraction algorithms},
	journal = {{Geoscience and Remote Sensingg, IEEE Transactions}},
    volume = {44},
    pages = {3397-3407},
    year = {2006}
}

@inproceedings{biblio:compresion,
    author = {G. Motta and F. Rizzo and J. A. Storer},
    title = {Compression of hyperspectral imagery},
    booktitle = {Data Compression Conference},
    pages = {333--342},
    year = {2003},
}

@article{biblio:varios_alg_desmezclado,
    author = {D. Heinz and C.-I Chang},
    title = {A quantitative and comparative analysis of endmember extraction algorithms from hyperspectral data},
    journal = {{IEEE Transactions on Geoscience and Remote Sensing}},
    volume = {42},
    year = {2004},
    pages = {650--663},
}

@article{biblio:reducir_dimensiones,
    author = {C.-I. Chang and Q. Du},
    title = {Estimation of number of spectrally distinct signal sources in hyperspectral imagery},
    journal = {Geoscience and Remote Sensing, IEEE Transactions},
    volume = {42},
    year = {2004},
}

@article{biblio:x,
    author = {A. Plaza and P. Martínez and R.M. Perez and J. Plaza},
    title = {Spatial/Spectral Endmember Extraction by Multidimensional Morphological Operations},
    journal = {IEEE Transactions on Geoscience and Remote Sensing},
    volume = {40},
    number = {9},
    year = {2002},
    pages = {2045--2041},
}

Plaza, A., Martínez, P., Pérez, R.M., Plaza, J

% TFG Esquembri Núñez
@inproceedings{biblio:TFG_Esquembri,
    author = {S. Esquembri and C. Nuñez},
    title = {Implementación en {FPGA} del {Automatic Target Generation Process} para la detección de objetivos en imágenes hiperespectrales de la superficie terrestre},
    year = {2013},
}

% Tesis Carlos
@inproceedings{biblio:Tesis_Carlos,
    author = {C. Gonzalez},
    title = {Procesamiento a bordo de imágenes hiperespectrales de la superficie terrestre mediante hardware reconfigurable},
    year = {2012},
}

% TFG Pablo VCA
@inproceedings{biblio:TFM_Pablo_VCA,
    author = {P. Horstrand},
    title = {Implementación hardware del algoritmo {Vertex Component Analysis (VCA)} para el procesamiento de imágenes hiperespectrales},
    year = {2011},
}

% TFG Miguel y Carlos
@inproceedings{tfg_miguel_carlos,
    title = {Aceleración de algoritmos para imágenes hiperespectrales con {OpenCL}},
    author = {J. M. Rodriguez and C. Orueta},
    pages = {39},
    year = {2016},
}

@article{portabilitySPIE_Sergio,
    title={Performance portability study of an {Automatic Target Detection and Classification Algorithm} for hyperspectral image analysis using {OpenCL}},
    author={S. Bernabe and F. D. Igual and G. Botella and C. Garcia and M. Prieto-Matias and A. Plaza},
    journal={Proceedings of SPIE},
    volume={9646},
    pages={1--9},
    year={2015},
}

@inproceedings{miller1986definition,
    title={The definition and rendering of terrain maps},
    author={G. Miller},
    booktitle={ACM SIGGRAPH Computer Graphics},
    volume={20},
    number={4},
    pages={39--48},
    year={1986},
    organization={ACM},
}

@Article{biblio:Spectral_unmixing,
	author ={N. Keshava and J. F. Mustard},
    title = {Spectral unmixing},
	journal = {IEEE Signal Processing Magazine},
    volume = {19(1)},
    pages = {44-57},
    year = {2002}
}

%=====================================
@ARTICLE{6297992, 
author={M. Fauvel and Y. Tarabalka and J. A. Benediktsson and J. Chanussot and J. C. Tilton}, 
journal={Proceedings of the IEEE}, 
title={Advances in Spectral-Spatial Classification of Hyperspectral Images}, 
year={2013}, 
volume={101}, 
number={3}, 
pages={652-675}, 
doi={10.1109/JPROC.2012.2197589}, 
ISSN={0018-9219}, 
month={March},}

@ARTICLE{857802, 
author={Chein-I Chang}, 
journal={IEEE Transactions on Information Theory}, 
title={An information-theoretic approach to spectral variability, similarity, and discrimination for hyperspectral image analysis}, 
year={2000}, 
volume={46}, 
number={5}, 
pages={1927-1932},
doi={10.1109/18.857802}, 
ISSN={0018-9448}, 
month={Aug},}

@INPROCEEDINGS{6947228, 
author={L. Zhao and C. I. Chang and S. Y. Chen and C. C. Wu and M. Fan}, 
booktitle={2014 IEEE Geoscience and Remote Sensing Symposium}, 
title={Endmember-specified virtual dimensionality in hyperspectral imagery}, 
year={2014}, 
pages={3466-3469},
doi={10.1109/IGARSS.2014.6947228}, 
ISSN={2153-6996}, 
month={July},}

@ARTICLE{4490127, 
author={J. D. Owens and M. Houston and D. Luebke and S. Green and J. E. Stone and J. C. Phillips}, 
journal={Proceedings of the IEEE}, 
title={GPU Computing}, 
year={2008}, 
volume={96}, 
number={5}, 
pages={879-899},
doi={10.1109/JPROC.2008.917757}, 
ISSN={0018-9219}, 
month={May},}

@ARTICLE{298007, 
author={J. C. Harsanyi and C. I. Chang}, 
journal={IEEE Transactions on Geoscience and Remote Sensing}, 
title={Hyperspectral image classification and dimensionality reduction: an orthogonal subspace projection approach}, 
year={1994}, 
volume={32}, 
number={4}, 
pages={779-785},
doi={10.1109/36.298007}, 
ISSN={0196-2892}, 
month={Jul.},}

@Book{biblio:image_hyper,
	author = {R. Kiefer, T. Lillesand, and J. Chipman},
	title = {Remote Sensing and Image Interpretation},
    publisher = {John Wiley and Sons, Inc},
    year = {2004}
}

@book{landgrebe2003stm,
  title={{Signal Theory Methods in Multispectral Remote Sensing}},
  author={Landgrebe, D. A.},
  year={2003},
  publisher={John Wiley \& Sons: New York}
}

@Article{biblio:hyper_analysis,
	author ={D. Landgrebe},
    title = {Hyperspectral image data analysis},
    year = {2002},
    volume = {19},
    pages = {17-28}
}

@Book{biblio:image_clasification,
	author = {C.-I Chang},
    title = {Hyperspectral Imaging: Techniques for Spectral
Detection and Classification},
    publisher = {Kluwer Academic/Plenum},
    year = {2003}
}

@Article{biblio:result_aviris,
	author = {A. F. Goetz and B. Kindel},
    title = {Comparison of unmixing result
derived from aviris, high and low resolution, and hydice images
at cuprite, nv},
    journal = {Summaries of the Fifth Annual JPL Airborne Earth Science Workshop},
    volume = {1},
    pages = {23-26},
    year = {1999}
}

@Article{biblio:aviris_analysis,
	author ={R. O. Green and B. Pavri},
    title = {AVIRIS in-flight calibration experiment, sensitivity analysis, and intraflight stability},
	journal = {JPL AVIRIS Workshop},
    year = {2000}
}

@Article{biblio:Spectral_mixture,
	author ={J. B. Adams, M. O. Smith, and P. E. Johnson},
    title = {Spectral mixture modeling: A new analysis of rock and soil types at the Viking Lander 1 site},
	journal = {Journal of Geophysical Research},
    volume = {91},
    pages = {8098-8112},
    year = {1986}
}

@Article{biblio:Spectral_unmixing_single,
	author ={M. Petrou and P. G. Foschi},
    title = {Confidence in linear spectral unmixing of sinle pixels},
	journal = {IEEE Trans. Geosci. and Remote Sens},
    volume = {37},
    pages = {624-626},
    year = {1999}
}

@Article{biblio:foreword_special,
	author ={A. Plaza, Q. Du, J. Bioucas-Dias, X. Jia, and F. Kruse},
    title = {Foreword to the special issue on spectral unmixing of remotely sensed data},
	journal = {IEEE Trans. Geosci. and Remote Sens},
    volume = {49(11)},
    pages = {4103-4110},
    year = {2011}
}

@Article{biblio:Reflectance_spectroscopy,
	author ={R. N. Clark and T. L. Roush},
    title = {Reflectance spectroscopy: Quantitative analysis techniques for remote sensing applications},
    volume = {89(7)},
    pages = {6329-6340},
    year = {1984}
}

@Manual{biblio:amd_reduction,
		Note = {\url{http://developer.amd.com/resources/documentation-articles/articles-whitepapers/opencl-optimization-case-study-simple-reductions/}},
        Organisation = {AMD},
        title = {OpenCL™ Optimization Case Study: Simple Reductions}
}

@INPROCEEDINGS{688653, 
author={D. E. Sabol and J. B. Adams and M. O. Smith}, 
booktitle={Geoscience and Remote Sensing Symposium, 1990. IGARSS '90. 'Remote Sensing Science for the Nineties'., 10th Annual International}, 
title={Predicting The Spectral Detectability Of Surface Materials Using Spectral Mixture Analysis}, 
year={1990}, 
pages={967-970}, 
doi={10.1109/IGARSS.1990.688653}, 
month={May},}


@ARTICLE{843007, 
author={Chein-I Chang and D. C. Heinz}, 
journal={IEEE Transactions on Geoscience and Remote Sensing}, 
title={Constrained subpixel target detection for remotely sensed imagery}, 
year={2000}, 
volume={38}, 
number={3}, 
pages={1144-1159}, 
doi={10.1109/36.843007}, 
ISSN={0196-2892}, 
month={May},}


@ARTICLE{6587842, 
author={M. Xu and B. Du and L. Zhang}, 
journal={IEEE Journal of Selected Topics in Applied Earth Observations and Remote Sensing}, 
title={Spatial-Spectral Information Based Abundance-Constrained Endmember Extraction Methods}, 
year={2014}, 
volume={7}, 
number={6}, 
pages={2004-2015},
doi={10.1109/JSTARS.2013.2268661}, 
ISSN={1939-1404}, 
month={June},}

@ARTICLE{6991588, 
author={R. Heylen and P. Scheunders and A. Rangarajan and P. Gader}, 
journal={IEEE Journal of Selected Topics in Applied Earth Observations and Remote Sensing}, 
title={Nonlinear Unmixing by Using Different Metrics in a Linear Unmixing Chain}, 
year={2015}, 
volume={8}, 
number={6}, 
pages={2655-2664}, 
doi={10.1109/JSTARS.2014.2375342}, 
ISSN={1939-1404}, 
month={June},}

@INPROCEEDINGS{7383762, 
author={Y. Altmann and M. Pereyra and S. McLaughlin}, 
booktitle={Computational Advances in Multi-Sensor Adaptive Processing (CAMSAP), 2015 IEEE 6th International Workshop on}, 
title={Nonlinear spectral unmixing using residual component analysis and a Gamma Markov random field}, 
year={2015}, 
pages={165-168}, 
doi={10.1109/CAMSAP.2015.7383762}, 
month={Dec},}

@INPROCEEDINGS{6060573, 
author={K. Koonsanit and C. Jaruskulchai}, 
booktitle={SICE Annual Conference (SICE), 2011 Proceedings of}, 
title={A simple framework of segmentation for hyperspectral images using clustering techniques}, 
year={2011}, 
pages={43-47},
ISSN={pending}, 
month={Sept},}

@INPROCEEDINGS{6351984, 
author={C. Lazar and L. Demarchi and D. Steenhoff and J. C. W. Chan and A. Nowé and H. Sahli}, 
booktitle={2012 IEEE International Geoscience and Remote Sensing Symposium}, 
title={Local linear spectral unmixing via cluster analysis and non-negative matrix factorization for hyperspectral (CHRIS/PROBA) imagery}, 
year={2012}, 
pages={7267-7270},  
doi={10.1109/IGARSS.2012.6351984}, 
ISSN={2153-6996}, 
month={July},}


@INPROCEEDINGS{1392621, 
author={Min Choi and DaeWoo Lee and SeungRyoul Maeng}, 
booktitle={Cluster Computing, 2004 IEEE International Conference on}, 
title={Cluster computing environment supporting single system image}, 
year={2004}, 
pages={235-243}, 
doi={10.1109/CLUSTR.2004.1392621}, 
ISSN={1552-5244}, 
month={Sept},}

@ARTICLE{1704967, 
author={C. I. Chang and C. C. Wu and W. Liu and Y. C. Ouyang}, 
journal={IEEE Transactions on Geoscience and Remote Sensing}, 
title={A New Growing Method for Simplex-Based Endmember Extraction Algorithm}, 
year={2006}, 
volume={44}, 
number={10}, 
pages={2804-2819},  
doi={10.1109/TGRS.2006.881803}, 
ISSN={0196-2892}, 
month={Oct},}

@INPROCEEDINGS{6151533, 
author={M. Maghrbay and R. Ammar and S. Rajasekaran}, 
booktitle={2011 IEEE International Symposium on Signal Processing and Information Technology (ISSPIT)}, 
title={Improving N-Finder technique for extracting endmembers}, 
year={2011}, 
pages={042-049}, 
ISSN={2162-7843}, 
month={Dec},}

@ARTICLE{1163632, 
author={Y. Shim and Z. Cho}, 
journal={IEEE Transactions on Acoustics, Speech, and Signal Processing}, 
title={SVD pseudoinversion image reconstruction}, 
year={1981}, 
volume={29}, 
number={4}, 
pages={904-909}, 
doi={10.1109/TASSP.1981.1163632}, 
ISSN={0096-3518}, 
month={Aug},}

@ARTICLE{7470262, 
author={C. I. Chang and Y. Li}, 
journal={IEEE Transactions on Geoscience and Remote Sensing}, 
title={Recursive Band Processing of Automatic Target Generation Process for Finding Unsupervised Targets in Hyperspectral Imagery}, 
year={2016}, 
volume={PP}, 
number={99}, 
pages={1-14}, 
doi={10.1109/TGRS.2016.2553845}, 
ISSN={0196-2892}, 
month={},}


@ARTICLE{ATDCA, 
author={H. Ren and C.-I. Chang}, 
journal={IEEE Trans. Aerosp. Electron. Syst}, 
title={Automatic spectral target recognition in hyperspectral imagery}, 
year={2003}, 
volume={39}, 
number={4}, 
pages={1232-1249}, 
doi={}, 
ISSN={}, 
month={Oct.},}


@Book{HPC_aplaza,
author = {A. Plaza and C.-I. Chang},
title = {High Performance Computing in Remote Sensing},
publisher = {Boca Raton, FL: Taylor \& Francis},
year = {2007}
}